@misc{ elixir,
  title = "Elixir",
  year = "2025",
  author = "{The Elixir team}",
  howpublished = "\url{https://elixir-lang.org/}",
  note = "[Online; accessed 21-June-2025]"
}

@misc{ dungeons_and_dragons,
  title = "Dungeons and Dragons",
  year = "2025",
  author = "{Wizards of the Coast}",
  howpublished = "\url{https://dnd.wizards.com/es}",
  note = "[Online; accessed 22-June-2025]"
}

@misc{ phoenix,
  title = "Phoenix Framework",
  year = "2025",
  author = "The Phoenix framework team",
  howpublished = "\url{https://www.phoenixframework.org/}",
  note = "[Online; accessed 01-July-2025]"
}

@misc{ java,
  title = "Java",
  year = "2025",
  author = "{Oracle}",
  howpublished = "\url{https://www.java.com/es/}",
  note = "[Online; accessed 01-July-2025]"
}

@misc{ docker,
  title = "Docker",
  year = "2025",
  author = "{The docker team}",
  howpublished = "\url{https://www.docker.com/}",
  note = "[Online; accessed 01-July-2025]"
} 

@misc{ kubernetes,
  title = "Kubernetes",
  year = "2025",
  author = "{The linux foundation}",
  howpublished = "\url{https://kubernetes.io/es/}",
  note = "[Online; accessed 01-July-2025]"
} 

@misc{ sql,
  title = "SQL",
  year = "2025",
  author = "{Wikipedia}",
  howpublished = "\url{https://en.wikipedia.org/wiki/SQL}",
  note = "[Online; accessed 01-July-2025]"
}

@misc{ json,
  title = "JSON",
  year = "2001",
  author = "{Douglas Crockford}",
  howpublished = "\url{https://www.json.org/json-en.html}",
  note = "[Online; accessed 01-July-2025]"
} 

@misc{ javascript,
  title = "JavaScript",
  year = "2025",
  author = "{Mozilla foundation}",
  howpublished = "\url{https://developer.mozilla.org/es/docs/Web/JavaScript}",
  note = "[Online; accessed 01-July-2025]"
}

@misc{ postgres,
  title = "Postgresql",
  year = "2025",
  author = "{The postgresql team}",
  howpublished = "\url{https://www.postgresql.org/}",
  note = "[Online; accessed 01-July-2025]"
} 

@misc{ agile_scrum,
  title = "What is scrum",
  year = "2025",
  author = "{cprime}",
  howpublished = "\url{https://www.cprime.com/resources/what-is-agile-what-is-scrum/}",
  note = "[Online; accessed 01-July-2025]"
} 

@misc{ scrum_events,
  title = "Which Scrum Events Are Time Boxed?",
  year = "2024",
  author = "{Mary Iqbal}",
  howpublished = "\url{https://www.scrum.org/resources/blog/which-scrum-events-are-time-boxed}",
  note = "[Online; accessed 01-July-2025]"
} 

@misc{ scrum_artifacts,
  title = "Agile scrum artifacts",
  year = "2025",
  author = "{Chandler Harris}",
  howpublished = "\url{https://www.atlassian.com/agile/scrum/artifacts}",
  note = "[Online; accessed 01-July-2025]"
} 

@book{ hughes2009software,
  title={Software Project Management 5e},
  author={Hughes, Bob},
  year={2009},
  publisher={McGraw Hill}
}